@manual{bib:abntex2classe,
author={abnTeX2 and Lauro C{\'e}sar Araujo},
organization={Equipe abnTeX2},
title={A classe abntex2: Modelo can{\^o}nico de trabalhos acad{\^e}micos
  brasileiros compat{\'i}vel com as normas ABNT NBR 14724:2011, ABNT NBR
  6024:2012 e outras},
url={http://abntex2.googlecode.com/},
year={2012}}

@manual{abntex2cite,
author={abnTeX2 and Lauro C{\'e}sar Araujo},
organization={Equipe abnTeX2},
title={O pacote abntex2cite: Estilos bibliogr{\'a}ficos compat{\'i}veis com a
  ABNT NBR 6023},
url={http://abntex2.googlecode.com/},
year={2013}}

@manual{NBR14724:2011,
	Address = {Rio de Janeiro},
	Date-Added = {2013-03-18 14:19:32 +0000},
	Date-Modified = {2013-03-18 14:20:15 +0000},
	Month = mar,
	Org-Short = {ABNT},
	Organization = {Associa{\c c}\~ao Brasileira de Normas T\'ecnicas},
	Pages = 15,
	Subtitle = {Informa{\c c}\~ao e documenta{\c c}\~ao --- Trabalhos acad\^emicos --- Apresenta{\c c}\~ao},
	Title = {{ABNT NBR} 14724:2011},
	Year = 2011}
